% Encoding: UTF-8

@article{barros2006desigualdade,
  title     = {Desigualdade de renda no Brasil: uma an{\'a}lise da queda recente},
  author    = {Barros, Ricardo and Foguel, Miguel and Ulyssea, Gabriel},
  year      = {2006},
  publisher = {Instituto de Pesquisa Econ{\^o}mica Aplicada (IPEA)}
}

@book{piketty2013capital,
  title     = {Le capital au XXIe si{\`e}cle},
  author    = {Piketty, Thomas},
  year      = {2013},
  publisher = {M{\'e}dia Diffusion}
}

@article{resende2014escassez,
  title   = {Da escassez absoluta {\`a} relativa: riqueza, crescimento e desigualdade},
  author  = {Resende, Andr{\'e} Lara},
  journal = {Textos Para Discuss{\~a}o, Rio de Janeiro},
  number  = {29},
  year    = {2014}
}

@article{souza2016desigualdade,
  title={A desigualdade vista do topo: a concentra{\c{c}}{\~a}o de renda entre os ricos no Brasil, 1926-2013},
  author={Souza, Pedro Herculano Guimar{\~a}es Ferreira de},
  year={2016}
}

@article{wilkinson2010spirit,
  title   = {The spirit level},
  author  = {Wilkinson, Richard and Pickett, Kate},
  journal = {Why equality is better for everyone},
  year    = {2010}
}

@book{dahl2003democracy,
  title={Sobre a democracia},
  author={Dahl, Robert A},
  year={2001},
  publisher={UnB}
}