% Encoding: UTF-8

@book{rua2013,
  title     = {Para aprender políticas públicas},
  author    = {Rua, Maria das Graças and Romanini, Roberta},
  publisher = {IGEPP},
  year      = {2013}
}

@article{souza2006politicas,
  title     = {Pol{\'\i}ticas p{\'u}blicas: uma revis{\~a}o da literatura},
  author    = {Souza, Celina},
  journal   = {Sociologias},
  number    = {16},
  pages     = {20--45},
  year      = {2006},
  publisher = {SciELO Brasil}
}
