% Encoding: UTF-8

@article{arretche2002relaccoes,
  title     = {Rela{\c{c}}{\~o}es federativas nas pol{\'\i}ticas sociais},
  author    = {Arretche, Marta},
  journal   = {Educa{\c{c}}{\~a}o \& Sociedade},
  volume    = {23},
  number    = {80},
  pages     = {25--48},
  year      = {2002},
  publisher = {SciELO Brasil}
}

@article{agra2019financiamento_eleitoral,
  title={Financiamento eleitoral no Brasil},
  author={AGRA, Walber de Moura},
  journal={Enciclop{\'e}dia Jur{\'\i}dica da PUCSP},
  volume={2},
  year={2019}
}

@book{bobbio1998dicionario,
  title     = {Dicionário de pol{\'\i}tica},
  author    = {Bobbio, Norberto and Matteucci, Nicola and Pasquino, Gianfranco},
  volume    = {1},
  year      = {1998},
  publisher = {UnB}
}

@book{leonardo_avritzer_2006,
  title     = {Reforma Política no Brasil},
  author    = {Avritzer, Leonardo and Anastasia, Fátima},
  publisher = {UFMG},
  year      = {2006}
}

@article{leonardo_avritzer_2008_orc_part,
  title     = {Instituições participativas e desenho institucional: algumas considerações sobre a variação da participação no Brasil democrático},
  author    = {Avritzer, Leonardo},
  publisher = {Opinião Pública},
  year      = {2008}
}

@book{matias2014curso,
  title     = {Curso de administra{\c{c}}{\~a}o p{\'u}blica: foco nas institui{\c{c}}{\~o}es e a{\c{c}}{\~o}es governamentais .},
  author    = {Matias-Pereira, Jos{\'e}},
  year      = {2014},
  publisher = {Editora Atlas SA}
}

@article{mendes2011branco,
  title   = {BRANCO, Paulo GG Curso de direito constitucional},
  author  = {MENDES, Gilmar Ferreira},
  journal = {S{\~a}o Paulo: Saraiva},
  year    = {2011}
}

@book{pedro_lenza2021direito,
  title     = {Direito Constitucional Esquematizado-25{\textordfeminine} Edi{\c{c}}{\~a}o 2021},
  author    = {Lenza, Pedro},
  year      = {2021},
  publisher = {Saraiva Educa{\c{c}}{\~a}o SA}
}

@article{resende2014escassez,
  title   = {Da escassez absoluta {\`a} relativa: riqueza, crescimento e desigualdade},
  author  = {Resende, Andr{\'e} Lara},
  journal = {Textos Para Discuss{\~a}o, Rio de Janeiro},
  number  = {29},
  year    = {2014}
}

@book{robertdahl2001,
  title     = {Sobre a Democracia},
  author    = {Dahl, Robert A},
  year      = {2001},
  publisher = {UnB}
}

@book{rua2013,
  title     = {Para aprender políticas públicas},
  author    = {Rua, Maria das Graças and Romanini, Roberta},
  publisher = {IGEPP},
  year      = {2013}
}

@article{souza2006politicas,
  title     = {Pol{\'\i}ticas p{\'u}blicas: uma revis{\~a}o da literatura},
  author    = {Souza, Celina},
  journal   = {Sociologias},
  number    = {16},
  pages     = {20--45},
  year      = {2006},
  publisher = {SciELO Brasil}
}