% Encoding: UTF-8

@book{quintaneiro2003toque,
  title={Um toque de cl{\'a}ssicos: Marx,  Durkheim, Weber},
  author={Quintaneiro, Tania; Barbosa, Maria and Oliveira, MÃ¡rcia},
  year={2003},
  publisher={Editora UFMG}
}