% Encoding: UTF-8

@book{bock1999psicologias,
  title     = {Psicologias: uma introdução ao estudo de psicologia},
  author    = {Bock, Ana Merc{\^e}s Bahia and Furtado, Odair and Teixeira, Maria de Lourdes Trassi},
  publisher = {Saraiva},
  year      = {2001}
}

@book{carey2014aprendemos,
  title     = {Como aprendemos: a surpreendente verdade sobre quando, como e por que o aprendizado acontece},
  author    = {Carey, Benedict},
  year      = {2014},
  publisher = {Elsevier Brasil}
}

@book{castro2016antropologia,
  title     = {Textos b{\'a}sicos de antropologia: cem anos de tradi{\c{c}}{\~a}o: Boas, Malinowski, L{\'e}vi-Strauss e outros},
  author    = {Castro, Celso},
  year      = {2016},
  publisher = {Editora Schwarcz-Companhia das Letras}
}

@book{eysenck2017psi_cognitiva,
  title     = {Manual de Psicologia Cognitiva},
  author    = {Eysenck, Michael W and Keane, Mark t},
  year      = {2017},
  isbn      = {9788582713952},
  edition   = {7},
  publisher = {Artmed Editora}
}

@article{freitas2008historia,
  title     = {Hist{\'o}ria da psicologia: pesquisa, forma{\c{c}}{\~a}o, ensino},
  author    = {Freitas, Regina},
  year      = {2008},
  publisher = {Centro Edelstein}
}

@book{hothersall1997historia,
  title     = {History of Psychology},
  author    = {Hothersall, David},
  year      = {2004},
  edition   = {4},
  isbn      = {0-07-284965-7,},
  publisher = {McGraw Hill}
}

@book{jorge2017freud,
  title     = {Fundamentos da psican{\'a}lise de Freud a Lacan: A pr{\'a}tica anal{\'\i}tica},
  author    = {Jorge, Marco Antonio Coutinho},
  volume    = {3},
  year      = {2017},
  publisher = {Editora Schwarcz-Companhia das Letras}
}

@book{laruse2009geral,
  title     = {Psicologia Geral},
  author    = {Souza, Laruse},
  year      = {2009},
  edition   = {1},
  publisher = {CESAD}
}

@article{lomonaco1999psicologia_educacao,
  title     = {Psicologia e educa{\c{c}}{\~a}o: hoje e amanh{\~a}},
  author    = {Lom{\^o}naco, Jos{\'e} Fernando Bitencourt},
  journal   = {Psicologia Escolar e Educacional},
  volume    = {3},
  number    = {1},
  pages     = {11--20},
  year      = {1999},
  publisher = {SciELO Brasil}
}

@book{marcondes1997filosofia,
  title     = {Iniciação à história da filosofia: Dos pré-socráticos a Wittgenstein},
  author    = {Marcondes, Danilo},
  edition   = {13},
  publisher = {Zahar},
  place     = {Rio de Janeiro},
  year      = {1997}
}

@book{marconi2003mep,
  title     = {Fundamentos de metodologia cient{\'\i}fica},
  author    = {Marconi, Marina de Andrade and Lakatos, Eva Maria},
  year      = {2003},
  publisher = {5. ed.-S{\~a}o Paulo: Atlas}
}

@book{nicolelis2015cerebro,
  title     = {O c{\'e}rebro relativ{\'\i}stico: como ele funciona e por que ele n{\~a}o pode ser simulado por uma m{\'a}quina de Touring},
  author    = {Cicurel, R and Nicolelis, M},
  year      = {2015},
  publisher = {S{\~a}o Paulo: Kios Press}
}

@book{nicolelis2020true,
  title     = {The True Creator of Everything},
  author    = {Nicolelis, Miguel},
  year      = {2020},
  publisher = {Yale University Press}
}

@book{quintaneiro2003toque,
  title     = {Um toque de cl{\'a}ssicos: Marx,  Durkheim, Weber},
  author    = {Quintaneiro, Tania; Barbosa, Maria and Oliveira, Márcia},
  year      = {2003},
  publisher = {UFMG}
}

@book{rogers2017pessoa,
  title     = {Torna-se pessoa},
  author    = {Rogers, Carl},
  year      = {2017},
  publisher = {wmfmartinsfontes}
}

@book{silva2007psicologia_educacao,
  title     = {Psicologia da Educação I},
  author    = {Silva, Maria da Glória},
  publisher = {UnisulVirtual},
  isbn      = {978-85-60694-55-6},
  year      = {2007}
}

@article{spink2011psicologia_social,
  title     = {Psicologia social e pessoalidade},
  author    = {Spink, Mary Jane P and Figueiredo, Pedro and Brasilino, Jullyane},
  year      = {2011},
  publisher = {Centro Edelstein}
}

@book{sternberg2000psicologia,
  title     = {Psicologia cognitiva},
  author    = {Sternberg, Robert J},
  year      = {2000},
  publisher = {Piccin}
}

@book{strathern1997platao,
  title     = {Plat{\~a}o em 90 minutos},
  author    = {Strathern, Paul},
  year      = {1997},
  publisher = {Editora Schwarcz-Companhia das Letras}
}

@book{strathern1999aristoteles,
  title     = {Arist{\'o}teles en 90 minutos:(384-322 a. C.)},
  author    = {Strathern, Paul},
  year      = {1999},
  publisher = {Siglo XXI de Espa{\~n}a Editores}
}