% Encoding: UTF-8

@book{marx_ideologia,
  title     = {A Ideologia Alemã},
  author    = {Karl, Marx and Friedrich, Engels},
  year      = {2001},
  publisher = {Martis Fontes}
}

@book{marx90,
  title     = {Marx em 90 Minutos},
  author    = {Strathern, Paul},
  year      = {2003},
  publisher = {Zahar}
}

@book{quintaneiro2003toque,
  title     = {Um toque de cl{\'a}ssicos: Marx,  Durkheim, Weber},
  author    = {Quintaneiro, Tania; Barbosa, Maria and Oliveira, Márcia},
  year      = {2003},
  publisher = {UFMG}
}

@book{weber,
  title     = {A ética protestante e o espírito do capitalismo},
  author    = {Weber, Max},
  year      = {2004},
  publisher = {Pioneria}
}